@UNPUBLISHED{
    bibtex.a,
    author = "Oren Patashnik",
    title = "BibTeXing",
    note = "Documentation for general BibTeX users",
    month = "February",
    language = "EN-US",
    year = 1988
}

@article{
	zheng2012,
	title = {Towards mobile intelligence: {Learning} from {GPS} history data for collaborative recommendation},
	volume = {184},
	journal = {Artificial Intelligence},
	author = {Zheng, Vincent W and Zheng, Yu and Xie, Xing and Yang, Qiang},
	year = {2012},
	pages = {17--37}
}
